<?xml version="1.0" encoding="UTF-8"?><collection xmlns="http://www.loc.gov/MARC21/slim"><record><leader>00543nam--2200193-u-4500</leader><controlfield tag="001">000053425</controlfield><controlfield tag="002">20161230</controlfield><controlfield tag="005">20161230201051</controlfield><controlfield tag="008">110404s1000------------r-----000-0-eng-d</controlfield><datafield ind1=" " ind2=" " tag="020"><subfield code="a">0750301228</subfield></datafield><datafield ind1=" " ind2=" " tag="040"><subfield code="a">IFIN-HH</subfield></datafield><datafield ind1=" " ind2=" " tag="080"><subfield code="a">530.145:514.83</subfield></datafield><datafield ind1="1" ind2=" " tag="100"><subfield code="a">Buchbinder, I.L</subfield></datafield><datafield ind1="1" ind2="0" tag="245"><subfield code="a">Effective action in quantum gravity</subfield><subfield code="c">I.l. buchbinder; s.d. odintsov; i.l. shapiro</subfield></datafield><datafield ind1=" " ind2=" " tag="260"><subfield code="a">Bristol</subfield><subfield code="b">Institute Of Physics Publishing</subfield><subfield code="c">1992</subfield></datafield><datafield ind1=" " ind2=" " tag="300"><subfield code="a">413P</subfield></datafield><datafield ind1="1" ind2=" " tag="700"><subfield code="a">Shapiro, I.L</subfield></datafield><datafield ind1=" " ind2=" " tag="852"><subfield code="a">81543</subfield><subfield code="c">530.145</subfield></datafield><datafield ind1=" " ind2=" " tag="CAT"><subfield code="a">Sys</subfield><subfield code="c">20110404</subfield><subfield code="h">103910</subfield></datafield></record></collection>